<?xml version = '1.0' encoding = 'UTF-8'?>
<Document xmlns="urn:iso:std:iso:20022:tech:xsd:pain.001.001.03" xmlns:xsi="http://www.w3.org/2001/XMLSchema-instance"><GrpHdr><MsgId>13023</MsgId><CreDtTm>2020-08-18T07:00:02</CreDtTm><NbOfTxs>2</NbOfTxs><CtrlSum>5628.22</CtrlSum><InitgPty><Id><OrgId><BICOrBEI>CITIPHMX</BICOrBEI></OrgId></Id></InitgPty></GrpHdr><PmtInf><PmtMtd>TRF</PmtMtd><PmtTpInf><SvcLvl><Cd>URGP</Cd></SvcLvl></PmtTpInf><ReqdExctnDt>2020-08-18</ReqdExctnDt><Dbtr><Nm>The Ascott Ltd</Nm><PstlAdr><Ctry>PH</Ctry></PstlAdr><Id><OrgId><Othr><Id>CITIPHMX</Id></Othr></OrgId></Id></Dbtr><DbtrAcct><Id><Othr><Id>0756034014</Id></Othr></Id><Ccy>PHP</Ccy></DbtrAcct><DbtrAgt><FinInstnId><BIC>CITIPHMX</BIC><PstlAdr><Ctry>PH</Ctry></PstlAdr></FinInstnId></DbtrAgt><CdtTrfTxInf><PmtId><InstrId>30000003</InstrId><EndToEndId>30000003</EndToEndId></PmtId><Amt><InstdAmt Ccy="PHP">892.50</InstdAmt></Amt><CdtrAgt><FinInstnId><Nm>CITI PH DUMMY BANK ACCOUNT</Nm><PstlAdr><Ctry>PH</Ctry></PstlAdr></FinInstnId></CdtrAgt><Cdtr><Nm>DHL EXPRESS (PHILIPPINES) CORP.</Nm><PstlAdr><PstCd>1227</PstCd><Ctry>PH</Ctry><AdrLine>2306 Chino roces Ave.,</AdrLine><AdrLine>Kayamanan C Magallanes, Makati City</AdrLine></PstlAdr></Cdtr><CdtrAcct><Id><Othr><Id>100000515</Id></Othr></Id></CdtrAcct><RltdRmtInf><RmtLctnMtd>EMAIL</RmtLctnMtd><RmtLctnPstlAdr><Nm>DHL EXPRESS (PHILIPPINES) CORP.</Nm><Adr><PstCd>1227</PstCd><Ctry>PH</Ctry><AdrLine>2306 Chino roces Ave.,</AdrLine><AdrLine>Kayamanan C Magallanes, Makati City</AdrLine></Adr></RmtLctnPstlAdr></RltdRmtInf><RmtInf><Ustrd>H1: Invoice Number  Invoice Date  Invoice Total Amount  Invoice Currency  Payment Amount</Ustrd><Ustrd>3: MNLR001970  2020-08-17  980  PHP  892.5</Ustrd><Strd><Invcr><Nm>DHL EXPRESS (PHILIPPINES) CORP.</Nm></Invcr><Invcee><Nm>Scotts Philippines, Inc.</Nm></Invcee></Strd></RmtInf></CdtTrfTxInf></PmtInf><PmtInf><PmtMtd>TRF</PmtMtd><PmtTpInf><SvcLvl><Cd>URGP</Cd></SvcLvl></PmtTpInf><ReqdExctnDt>2020-08-18</ReqdExctnDt><Dbtr><Nm>The Ascott Ltd</Nm><PstlAdr><Ctry>PH</Ctry></PstlAdr><Id><OrgId><Othr><Id>CITIPHMX</Id></Othr></OrgId></Id></Dbtr><DbtrAcct><Id><Othr><Id>0756034014</Id></Othr></Id><Ccy>PHP</Ccy></DbtrAcct><DbtrAgt><FinInstnId><BIC>CITIPHMX</BIC><PstlAdr><Ctry>PH</Ctry></PstlAdr></FinInstnId></DbtrAgt><CdtTrfTxInf><PmtId><InstrId>30000004</InstrId><EndToEndId>30000004</EndToEndId></PmtId><Amt><InstdAmt Ccy="PHP">4735.72</InstdAmt></Amt><CdtrAgt><FinInstnId><Nm>CITI PH DUMMY BANK ACCOUNT</Nm><PstlAdr><Ctry>PH</Ctry></PstlAdr></FinInstnId></CdtrAgt><Cdtr><Nm>GLOBE TELECOM</Nm><PstlAdr><PstCd>1634</PstCd><Ctry>PH</Ctry><AdrLine>32nd St Cor 7th Ave </AdrLine><AdrLine>Bonifacio Taguig City</AdrLine></PstlAdr></Cdtr><CdtrAcct><Id><Othr><Id>100000764</Id></Othr></Id></CdtrAcct><RltdRmtInf><RmtLctnMtd>EMAIL</RmtLctnMtd><RmtLctnPstlAdr><Nm>GLOBE TELECOM</Nm><Adr><PstCd>1634</PstCd><Ctry>PH</Ctry><AdrLine>32nd St Cor 7th Ave </AdrLine><AdrLine>Bonifacio Taguig City</AdrLine></Adr></RmtLctnPstlAdr></RltdRmtInf><RmtInf><Ustrd>H1: Invoice Number  Invoice Date  Invoice Total Amount  Invoice Currency  Payment Amount</Ustrd><Ustrd>3: 1071384740  2020-08-17  5200  PHP  4735.72</Ustrd><Strd><Invcr><Nm>GLOBE TELECOM</Nm></Invcr><Invcee><Nm>Scotts Philippines, Inc.</Nm></Invcee></Strd></RmtInf></CdtTrfTxInf></PmtInf></Document>